@article{ref1,
    author = {K. Hoffman and R. Kunze},
    title = {\textit{Linear Algebra}},
    journal = {\normalfont Prentice-Hall},
    volume = {2nd edition},
    year = {1971}
}

@article{ref2,
    author = {V. Pan},
    journal = {Computers \& Mathematics with Applications},
    title = {Optimal and nearly optimal algorithms for approximating polynomial zeros},
    year = {31(12), 1996}
}